<record><leader>00000cas a22000007a 4500</leader><controlfield tag="001">2260087</controlfield><controlfield tag="008">760620d186118uupaudn ne      0    0eng d</controlfield><datafield ind1=" " ind2=" " tag="010"><subfield code="a">sn 85054639 </subfield></datafield><datafield ind1=" " ind2=" " tag="040"><subfield code="a">PIT</subfield><subfield code="b">eng</subfield><subfield code="c">PIT</subfield><subfield code="d">NPH</subfield><subfield code="d">NPY</subfield><subfield code="d">NPH</subfield><subfield code="d">OCLCQ</subfield></datafield><datafield ind1=" " ind2=" " tag="042"><subfield code="a">msc</subfield></datafield><datafield ind1="0" ind2=" " tag="130"><subfield code="a">Daily evening gazette (Pittsburgh, Pa.)</subfield></datafield><datafield ind1="1" ind2="0" tag="245"><subfield code="a">Daily evening gazette.</subfield></datafield><datafield ind1="3" ind2="0" tag="246"><subfield code="a">Evening gazette</subfield></datafield><datafield ind1="1" ind2="7" tag="246"><subfield code="a">Pittsburgh evening gazette</subfield><subfield code="f">&lt;Jan. 14-Aug. 6, 1861&gt;</subfield></datafield><datafield ind1=" " ind2=" " tag="260"><subfield code="a">Pittsburgh [Pa.] :</subfield><subfield code="b">S. Riddle &amp; Co.</subfield></datafield><datafield ind1=" " ind2=" " tag="300"><subfield code="a">v. ;</subfield><subfield code="c">51-57 cm.</subfield></datafield><datafield ind1=" " ind2=" " tag="310"><subfield code="a">Daily (except Sun.)</subfield></datafield><datafield ind1="1" ind2=" " tag="362"><subfield code="a">Began Jan. 8, 1861?</subfield></datafield><datafield ind1=" " ind2=" " tag="500"><subfield code="a">The word "daily" appears above masthead ornament &lt;Jan. 14-Aug. 6, 1861&gt;.</subfield></datafield><datafield ind1=" " ind2=" " tag="500"><subfield code="a">Publisher: Gazette Pub. Assn. &lt;Mar. 3, 1864-&gt;.</subfield></datafield><datafield ind1=" " ind2=" " tag="580"><subfield code="a">Morning eds.: Daily Pittsburgh gazette and commercial journal, and: Daily Pittsburgh gazette (Pittsburgh, Pa. : 1863).</subfield></datafield><datafield ind1=" " ind2=" " tag="588"><subfield code="a">Description based on: Vol. 1, no. 6 (Jan. 14, 1861).</subfield></datafield><datafield ind1=" " ind2=" " tag="752"><subfield code="a">United States</subfield><subfield code="b">Pennsylvania</subfield><subfield code="c">Allegheny</subfield><subfield code="d">Pittsburgh.</subfield></datafield><datafield ind1="0" ind2=" " tag="775"><subfield code="t">Weekly Pittsburgh gazette</subfield><subfield code="w">(DLC)sn 86081112</subfield></datafield><datafield ind1="1" ind2=" " tag="787"><subfield code="t">Daily Pittsburgh gazette and commercial journal</subfield><subfield code="g">1861-1863</subfield><subfield code="w">(DLC)sn 85054513</subfield></datafield><datafield ind1="1" ind2=" " tag="787"><subfield code="t">Daily Pittsburgh gazette (Pittsburgh, Pa. : 1863)</subfield><subfield code="g">1863-1866</subfield><subfield code="w">(DLC)sn 84025760</subfield></datafield><datafield ind1="1" ind2=" " tag="029"><subfield code="a">AU@</subfield><subfield code="b">000025799707</subfield></datafield></record>